references.bib -- BibTeX database


Copyright © 2009 Jan Minář <rdancer@rdancer.org>

This work is free software; you can redistribute it and/or modify
it under the terms of the GNU General Public License version 2 (two),
as published by the Free Software Foundation.

This program is distributed in the hope that it will be useful,
but WITHOUT ANY WARRANTY; without even the implied warranty of
MERCHANTABILITY or FITNESS FOR A PARTICULAR PURPOSE.  See the
GNU General Public License for more details.

You should have received a copy of the GNU General Public License along
with this program; if not, write to the Free Software Foundation, Inc.,
51 Franklin Street, Fifth Floor, Boston, MA 02110-1301 USA.



XXX Don't know how to do ISBN-13 and ISBN-10 at the same time; don't know how
to display them in the bibliography either (currently none displays)

@book{ kurose,
  author =  {James F. Kurose and Keith W. Ross},
  title =   {Computer Networking --- A Top-Down Approach},
  edition = {Fourth},
  publisher = {Pearson Education, Inc.},
  address = {Boston, Massachusetts},
  year =    {2008},
  isbn =    {978-0-321-51325-0},
  isbn_13 = {978-0-321-51325-0},
  isbn_10 = {0-321-51325-8},
  durham_library = {004.678 KUR},
  note =    {International Edition}
}

@book { russell,
  author =  {D. Russell},
  title =   {The Principles of Computer Networking},
  edition = {},
  publisher = {Cambridge University Press},
  address = {Cambridge, United Kingdom},
  year =    {1989},
  isbn =    {0 521 33992 8},
  durham_library = {004.6 RUS}
}

@book { stallings,
  author =  {William Stallings},
  title =   {Data and Computer Communications},
  edition = {Eighth},
  publisher = {Pearson Education, Inc.},
  address = {Upper Saddle River, New Jersey},
  year =    {2007},
  isbn =    {0-13-243310-9},
  durham_library = {005.71 STA}
}

@misc{ xxx,
  title = {Citation Needed}
}

XXX 'book' is the only thing that prints reference in a reasonable format
@book { slides-lecture-2,
  author =  {Janet Lavery},
  title =   {{I}ntroduction to the {I}nternet},
  note =    {Lecture Slides},
  publisher = {Department of Computer Science, Durham University},
  address = {Durham, United Kingdom},
  year =    {2008}
}

XXX 'book' is the only thing that prints reference in a reasonable format
@book { slides-lecture-4,
  author =  {Janet Lavery},
  title =   {{D}istributed {A}pplications},
  note =    {Lecture Slides},
  publisher = {Department of Computer Science, Durham University},
  address = {Durham, United Kingdom},
  year =    {2008}
}

XXX 'book' is the only thing that prints reference in a reasonable format
@book { slides-lecture-6,
  author =  {Janet Lavery},
  title =   {{N}etwork {L}ayer---{IP}},
  note =    {Lecture Slides},
  publisher = {Department of Computer Science, Durham University},
  address = {Durham, United Kingdom},
  year =    {2008}
}

XXX Need the month, as the pagination is per issue, not per year
@article { crowcroft,
  author =  {John Crowcroft and Zheng Wang and Avril Smith and John Adams},
  title =   {A Rough Comparison of the {IETF} and {ATM} Service Models},
  journal = {IEEE Network},
  publisher = {IEEE},
  month = {November/December},
  note = {November/December},
  year = {1995},
  pages = {12--16},
  durham_library = {681.3(05) ERC}
}

@book { vaughn,
  author =  {Larry T. Vaughn},
  title =   {Client/Server System Design and Implementation},
  publisher = {McGraw-Hill, Inc.},
  address = {},
  year =    {1994},
  isbn =    {0-07-067375-6},
  durham_library = {004.36 VAU}
}

@misc { iana,
  note = {Internet Assigned Numbers Authority},
  title = {Port Numbers},
  year = {2009},
  url = {http://www.iana.org/assignments/port-numbers}
}

@misc{rfc1945,
  author="T. Berners-Lee and R. Fielding and H. Frystyk",
  title="{Hypertext Transfer Protocol -- HTTP/1.0}",
  series="Request for Comments",
  number="1945",
  howpublished="RFC 1945 (Informational)",
  publisher="IETF",
  organisation="Internet Engineering Task Force",
  year=1996,
  month=may,
    url="http://www.ietf.org/rfc/rfc1945.txt",
}

@misc{rfc2616,
  author="R. Fielding and J. Gettys and J. Mogul and H. Frystyk and L. Masinter and P. Leach and T. Berners-Lee",
  title="{Hypertext Transfer Protocol -- HTTP/1.1}",
  series="Request for Comments",
  number="2616",
  howpublished="RFC 2616 (Draft Standard)",
  publisher="IETF",
  organisation="Internet Engineering Task Force",
  year=1999,
  month=jun,
    note="Updated by RFC 2817",
  url="http://www.ietf.org/rfc/rfc2616.txt",
}

@misc{rfc1738,
  author="T. Berners-Lee and L. Masinter and M. McCahill",
  title="{Uniform Resource Locators (URL)}",
  series="Request for Comments",
  number="1738",
  howpublished="RFC 1738 (Proposed Standard)",
  publisher="IETF",
  organisation="Internet Engineering Task Force",
  year=1994,
  month=dec,
    note="Obsoleted by RFCs 4248, 4266, updated by RFCs 1808, 2368, 2396, 3986",
  url="http://www.ietf.org/rfc/rfc1738.txt",
}

