@misc{ wiki:vowels,
  author = "Wikipedia",
  title = "Vowel --- Wikipedia{,} The Free Encyclopedia",
  year = "2008",
  url = "http://en.wikipedia.org/w/index.php?title=Vowel&oldid=253554944",
  note = "[Online; accessed 24-November-2008]"
}

@misc{ wiki:zeroiseven,
  author = "Wikipedia",
  title = "Evenness of zero --- Wikipedia{,} The Free Encyclopedia",
  year = "2008",
  url = "http://en.wikipedia.org/w/index.php?title=Evenness_of_zero&oldid=237357182",
  note = "[Online; accessed 24-November-2008]"
}

@misc{ bordini:fal-pract-week7,
  author = "Bordini, Rafael",
  title = "FA-L Practical 3 (Week 7) --- Set Theory 2--3 (Set Operations)",
  year = "2008",
  url = "http://www.dur.ac.uk/r.bordini/Courses/2008-2009/FAL/Practicals/FAL-Practical03.pdf",
  note = "[Online; accessed 24-November-2008]"
}
